<record><leader>00000cas a22000007a 4500</leader><controlfield tag="001">33085735</controlfield><controlfield tag="008">950906d1935194uvauwr ne      0    0eng d</controlfield><datafield ind1=" " ind2=" " tag="010"><subfield code="a">sn 95079251 </subfield></datafield><datafield ind1=" " ind2=" " tag="040"><subfield code="a">NVK</subfield><subfield code="b">eng</subfield><subfield code="c">NVK</subfield><subfield code="d">OCLCQ</subfield><subfield code="d">OCLCF</subfield><subfield code="d">OCLCO</subfield></datafield><datafield ind1="1" ind2=" " tag="029"><subfield code="a">AU@</subfield><subfield code="b">000025866646</subfield></datafield><datafield ind1=" " ind2=" " tag="042"><subfield code="a">msc</subfield></datafield><datafield ind1=" " ind2=" " tag="043"><subfield code="a">n-us-va</subfield></datafield><datafield ind1="0" ind2="0" tag="245"><subfield code="a">Chesterfield County gazette.</subfield></datafield><datafield ind1=" " ind2=" " tag="260"><subfield code="a">Chesterfield Courthouse, Va. :</subfield><subfield code="b">[s.n.],</subfield><subfield code="c">1935-</subfield></datafield><datafield ind1=" " ind2=" " tag="300"><subfield code="a">v.</subfield></datafield><datafield ind1=" " ind2=" " tag="310"><subfield code="a">Weekly</subfield></datafield><datafield ind1="0" ind2=" " tag="362"><subfield code="a">Vol. 1, no. 1 (Feb. 22, [1935])-</subfield></datafield><datafield ind1=" " ind2=" " tag="500"><subfield code="a">Issue for March 1, 1935 also numbered Vol. 1, no. 1.</subfield></datafield><datafield ind1=" " ind2=" " tag="500"><subfield code="a">Moved to Chester in March 1935. Cf. Cappon, L.J. Va. Newspapers.</subfield></datafield><datafield ind1=" " ind2="0" tag="651"><subfield code="a">Chesterfield (Va.)</subfield><subfield code="v">Newspapers.</subfield></datafield><datafield ind1=" " ind2="0" tag="651"><subfield code="a">Chester (Va.)</subfield><subfield code="v">Newspapers.</subfield></datafield><datafield ind1=" " ind2="7" tag="655"><subfield code="a">Newspapers.</subfield><subfield code="2">fast</subfield><subfield code="0">(OCoLC)fst01423814</subfield></datafield><datafield ind1=" " ind2="7" tag="651"><subfield code="a">Virginia</subfield><subfield code="z">Chester.</subfield><subfield code="2">fast</subfield><subfield code="0">(OCoLC)fst01294324</subfield></datafield><datafield ind1=" " ind2="7" tag="651"><subfield code="a">Virginia</subfield><subfield code="z">Chesterfield.</subfield><subfield code="2">fast</subfield><subfield code="0">(OCoLC)fst01294888</subfield></datafield><datafield ind1=" " ind2=" " tag="752"><subfield code="a">United States</subfield><subfield code="b">Virginia</subfield><subfield code="c">Chesterfield</subfield><subfield code="d">Chesterfield.</subfield></datafield><datafield ind1=" " ind2=" " tag="752"><subfield code="a">United States</subfield><subfield code="b">Virginia</subfield><subfield code="c">Chesterfield</subfield><subfield code="d">Chester.</subfield></datafield></record>